@misc{uci,
	author 	= {M. Lichman},
	year 	= {2013},
	title 	= {{UCI} Machine Learning Repository},
	url 	= {http://archive.ics.uci.edu/ml},
	institution = {University of California, Irvine, School of Information and Computer Sciences}
},

@article{antibioticos1,
	title	= {Eventos adversos a antibi{\'o}ticos em pacientes internados em um hospital universit{\'a}rio},
	author 	= {RibeiroIII, Eliane},
	journal = {Rev Sa{\'u}de P{\'u}blica},
	volume 	= {41},
	number 	= {6},
	pages 	= {1042--8},
	year 	= {2007},
	publisher = {SciELO Public Health}
},

@article{antibioticos,
	title	= {Antibi{\'o}ticos: import{\^a}ncia terap{\^e}utica e perspectivas para a descoberta e desenvolvimento de novos agentes},
	author	= {Guimar{\~a}es, Denise Oliveira and Momesso, Luciano da Silva and Pupo, M{\^o}nica Tallarico and others},
	journal = {Quim. Nova},
	volume	= {33},
	number	= {3},
	pages	= {667--679},
	year 	= {2010},
	publisher = {SciELO Brasil}
},

@inproceedings{cross_val,
	title	= {A study of cross-validation and bootstrap for accuracy estimation and model selection},
	author	= {Kohavi, Ron and others},
	volume	= {14},
	number	= {2},
	pages	= {1137--1145},
	year 	= {1995},
	booktitle = {Ijcai}
},

@inproceedings{estudos_crisp,
	title	= {Um estudo de limpeza em base de dados desbalanceada e com sobreposi{\c{c}}{\~a}o de classes},
	author	= {Machado, Emerson Lopes and Ladeira, Marcelo},
	pages	= {330--340},
	year 	= {2007},
	booktitle = {XXVII Congresso da Sociedade Brasileira de Computa{\c{c}}{\~a}o}
},

@article{escolha_mineracao,
	title 	= {Par{\^a}metros na escolha de t{\'e}cnicas e ferramentas de minera{\c{c}}{\~a}o de dados},
	author 	= {Dias, Maria Madalena},
	journal = {Acta Scientiarum. Technology},
	volume	= {24},
	pages 	= {1715--1725},
	year 	= {2008}
},

@techreport{crisp,
	title 	= {CRISP-DM 1.0 Step-by-step data mining guide},
	author 	= {Chapman, Pete and Clinton, Julian and Kerber, Randy and Khabaza, Thomas and Reinartz, Thomas and Shearer, Colin and Wirth, Rudiger},
	year 	= {2000},
	institution = {The CRISP-DM consortium}
},

@book{learning_from_data,
	title 		= {Learning From Data - A Short Course},
	author 		= {Yaser S. Abu-Mostafa, Malik Magdon-Ismail and Hsuan-Tien Lin},
	year 		= {2012},
	isbn 		= {10:1600490069, 13:9781600490064},
	publisher 	= {AMLBook}
},

@book{data_clustering,
	title		= {Data clustering: algorithms and applications},
	author 		= {Aggarwal, Charu C and Reddy, Chandan K},
	year 		= {2013},
	publisher 	= {CRC Press}
},

@book{goldberg,
	title 		= {Genetic Algorithms in Search, Optimization and Machine Learning},
	author 		= {David E. Goldberg},
	publisher 	= {Addison-Wesley Longman Publishing Co., Inc.},
	address 	= {Boston, MA, USA},
	year 		= {1989},
	edition		= {1st},
	isbn 		= {0201157675}
},

@book{davis,
	title 		= {Handbook of Genetic Algorithms},
	author 		= {Lawrence Davis},
	publisher 	= {Van Nostrand Reeinhold},
	address 	= {115 Fifth Avenue, New York 10003},
	year 		= {1991},
	edition		= {1st},
	isbn 		= {0442001738}
},

@article{deap,
    author    = " F\'elix-Antoine Fortin and Fran\c{c}ois-Michel {De Rainville} and Marc-Andr\'e Gardner and Marc Parizeau and Christian Gagn\'e ",
    title     = {{DEAP}: Evolutionary Algorithms Made Easy},
    pages     = {2171--2175},
    volume    = {13},
    month     = {jul},
    year      = {2012},
    journal   = {Journal of Machine Learning Research}
},

@article{scikit_learn,
	title 	= {Scikit-learn: Machine Learning in {P}ython},
	author 	= {Pedregosa, F.; Varoquaux, G.; Gramfort, A.; Michel, V.; 
				Thirion, B.; Grisel, O.; Blondel, M.; Prettenhofer, P.; 
				Weiss, R.; Dubourg, V.; Vanderplas, J.; Passos, A.; 
         		Cournapeau, D.; Brucher, M.; Perrot, M. and Duchesnay, E.},
	journal = {Journal of Machine Learning Research},
	volume	= {12},
	pages	= {2825--2830},
	year	= {2011}
},

@article{ga_based_clustering_survey,
	author 	= {Rahila H. Sheikh, M. M.Raghuwanshi and Anil N. Jaiswal},
	title 	= {Genetic Algorithm Based Clustering: A Survey},
	journal = {Proceedings of the First International Conference on Emerging Trends in Engineering and Technology},
	year 	= {16-18 July 2008},
	pages	= {314-319},
	publisher = {IEEE: Nagpur, Maharashtra}
},

@article{survey_of_evol_algorithms,
	author 	= {Eduardo R. Hruschka, Ricardo J. G. B. Campello, Alex A. Freitas and André C. P. L. F. de Carvalho},
	title 	= {A Survey of Evolutionary Algorithms for Clustering},
	journal = {IEEE Transactions on Systems, Man, and Cybernetics, Part C: Applications and Reviews},
	year 	= {2009},
	volume	= {Vol. 39, Issue 2},
	pages	= {133-155}
},

@article{ga_based_clustering_technique,
	author 	= {Ujjwal Maulik and Sanghamitra Bandyopadhyay},
	title 	= {Genetic algorithm-based clustering technique},
	journal = {Pattern Recognition},
	year 	= {September 2000},
	volume	= {Vol. 33, Issue 9},
	pages	= {1455–1465}
},

@article{ga_based_optmization_ad_hoc,
	author 	= {Bhaskar Nandi, Subhabrata Barman and Soumen Paul},
	title 	= {Genetic Algorithm Based Optimization of Clustering in Ad-Hoc Networks},
	journal = {International Journal of Computer Science and Information Security},
	year 	= {2010},
	volume	= {Vol. 8},
	number	= {1},
	pages	= {165-169}
},

@article{efficient_ga_based_clustering,
	author 	= {Hwei-Jen Lin, Fu-Wen Yang and Yang-Ta Kao},
	title 	= {An Efficient GA-based Clustering Technique},
	journal = {Tamkang Journal of Science and Engineering},
	year 	= {2005},
	volume	= {Vol. 8},
	number	= {2},
	pages	= {113-122}
},

@article{data_clustering_mixed_ga,
	author 	= {Dipankar Dutta, Paramartha Dutta and Jaya Sil},
	title 	= {Data Clustering with Mixed Features by Multi Objective Genetic Algorithm},
	journal = {In proceedings of the 12th International Conference on Hybrid Intelligent Systems (HIS)},
	year 	= {2012}
}